<record><leader>00000cas a22000007a 4500</leader><controlfield tag="001">9695735</controlfield><controlfield tag="008">830712c18709999nyuwr ne      0    0eng d</controlfield><datafield ind1=" " ind2=" " tag="010"><subfield code="a">sn 83030867 </subfield></datafield><datafield ind1=" " ind2=" " tag="040"><subfield code="a">NPU</subfield><subfield code="b">eng</subfield><subfield code="c">NPU</subfield><subfield code="d">NPX</subfield><subfield code="d">NYG</subfield><subfield code="d">NYS</subfield><subfield code="d">CNK</subfield><subfield code="d">NYS</subfield><subfield code="d">OCLCF</subfield><subfield code="d">OCLCO</subfield></datafield><datafield ind1="1" ind2=" " tag="029"><subfield code="a">AU@</subfield><subfield code="b">000051671255</subfield></datafield><datafield ind1=" " ind2=" " tag="042"><subfield code="a">msc</subfield></datafield><datafield ind1="0" ind2=" " tag="130"><subfield code="a">Jefferson County journal (Adams, N.Y.)</subfield></datafield><datafield ind1="0" ind2="0" tag="245"><subfield code="a">Jefferson County journal.</subfield></datafield><datafield ind1=" " ind2=" " tag="260"><subfield code="a">Adams, Jefferson County, N.Y. :</subfield><subfield code="b">Pratt and De Long,</subfield><subfield code="c">1870-</subfield></datafield><datafield ind1=" " ind2=" " tag="300"><subfield code="a">v. ;</subfield><subfield code="c">48-58 cm.</subfield></datafield><datafield ind1=" " ind2=" " tag="310"><subfield code="a">Weekly</subfield></datafield><datafield ind1="0" ind2=" " tag="362"><subfield code="a">Vol. 2, no. 28 (Oct. 20, 1870)-</subfield></datafield><datafield ind1=" " ind2=" " tag="500"><subfield code="a">"Devoted to home and general news, temperance, agriculture, literature, and politics."</subfield></datafield><datafield ind1=" " ind2=" " tag="500"><subfield code="a">Publishers: Pratt &amp; De Long, 1870-    ; Hatch &amp; Allen, &lt;1876&gt;; Journal Pub. Co. &lt;1976-1994&gt;.</subfield></datafield><datafield ind1=" " ind2=" " tag="530"><subfield code="a">Available on microfilm from Syracuse Microfilm Co.</subfield></datafield><datafield ind1=" " ind2="0" tag="651"><subfield code="a">Adams (N.Y.)</subfield><subfield code="v">Newspapers.</subfield></datafield><datafield ind1=" " ind2="0" tag="651"><subfield code="a">Jefferson County (N.Y.)</subfield><subfield code="v">Newspapers.</subfield></datafield><datafield ind1=" " ind2="7" tag="655"><subfield code="a">Newspapers.</subfield><subfield code="2">fast</subfield><subfield code="0">(OCoLC)fst01423814</subfield></datafield><datafield ind1=" " ind2="7" tag="651"><subfield code="a">New York (State)</subfield><subfield code="z">Adams.</subfield><subfield code="2">fast</subfield><subfield code="0">(OCoLC)fst01229185</subfield></datafield><datafield ind1=" " ind2="7" tag="651"><subfield code="a">New York (State)</subfield><subfield code="z">Jefferson County.</subfield><subfield code="2">fast</subfield><subfield code="0">(OCoLC)fst01209430</subfield></datafield><datafield ind1=" " ind2=" " tag="752"><subfield code="a">United States</subfield><subfield code="b">New York</subfield><subfield code="c">Jefferson</subfield><subfield code="d">Adams.</subfield></datafield><datafield ind1="0" ind2="0" tag="780"><subfield code="t">Northern temperance journal</subfield><subfield code="w">(DLC)sn 85054478</subfield><subfield code="w">(OCoLC)12029012</subfield></datafield><datafield ind1=" " ind2=" " tag="936"><subfield code="a">Vol. 150, no. 28 (May 18, 1994) LIC</subfield></datafield></record>